@article{zhang1998calibration,
  author = {Zhang, Zhengyou},
  title = {A Flexible New Technique for Camera Calibration},
  journal = {IEEE Transactions on Pattern Analysis and Machine Intelligence},
  volume = {22},
  number = {11},
  pages = {1330--1334},
  year = {1998},
  publisher = {IEEE}
}

@book{hartley2004multiple,
  author = {Hartley, Richard and Zisserman, Andrew},
  title = {Multiple View Geometry in Computer Vision},
  publisher = {Cambridge University Press},
  year = {2004},
  edition = {2nd},
  isbn = {0521540518}
}

@inproceedings{heikkila1997calibration,
  author = {Heikkila, Janne and Silven, Olli},
  title = {A Four-step Camera Calibration Procedure with Implicit Image Correction},
  booktitle = {Proceedings of the IEEE Computer Society Conference on Computer Vision and Pattern Recognition (CVPR)},
  pages = {1106--1112},
  year = {1997},
  publisher = {IEEE}
}

@article{tsai1987calibration,
  author = {Tsai, Roger Y.},
  title = {A Versatile Camera Calibration Technique for High-accuracy 3D Machine Vision Metrology Using Off-the-shelf TV Cameras and Lenses},
  journal = {IEEE Journal on Robotics and Automation},
  volume = {3},
  number = {4},
  pages = {323--344},
  year = {1987},
  publisher = {IEEE}
}

@article{weng1992camera,
  author = {Weng, Juyang and Cohen, Paul and Herniou, Marcillo},
  title = {Camera Calibration with Distortion Models and Accuracy Evaluation},
  journal = {IEEE Transactions on Pattern Analysis and Machine Intelligence},
  volume = {14},
  number = {10},
  pages = {965--980},
  year = {1992},
  publisher = {IEEE}
}

@inproceedings{bouguet2001camera,
  author = {Bouguet, Jean-Yves},
  title = {Camera Calibration Toolbox for Matlab},
  booktitle = {Documentation of the Camera Calibration Toolbox},
  year = {2001},
  note = {Available at \url{http://www.vision.caltech.edu/bouguetj/calib_doc/}}
}

@article{ma2003invitation,
  author = {Ma, Yi and Soatto, Stefano and Kosecka, Jana and Sastry, Shankar S.},
  title = {An Invitation to 3D Vision: From Images to Geometric Models},
  journal = {Springer},
  year = {2003},
  note = {ISBN: 978-0387008931}
}
